<record><leader>03725cam a2200469 i 4500</leader><controlfield tag="001">6805076</controlfield><controlfield tag="003">OCoLC</controlfield><controlfield tag="005">20150324160210.0</controlfield><controlfield tag="008">140519t20152015enka     b    001 0 eng  </controlfield><datafield ind1=" " ind2=" " tag="010"><subfield code="a">  2014019858</subfield></datafield><datafield ind1=" " ind2=" " tag="015"><subfield code="a">GBB479929</subfield><subfield code="2">bnb</subfield></datafield><datafield ind1="7" ind2=" " tag="016"><subfield code="a">016813684</subfield><subfield code="2">Uk</subfield></datafield><datafield ind1=" " ind2=" " tag="020"><subfield code="a">9780199340255 (paperback)</subfield></datafield><datafield ind1=" " ind2=" " tag="020"><subfield code="a">0199340250 (paperback)</subfield></datafield><datafield ind1=" " ind2=" " tag="035"><subfield code="a">ocn881280128</subfield></datafield><datafield ind1=" " ind2=" " tag="039"><subfield code="a">exclude</subfield></datafield><datafield ind1=" " ind2=" " tag="040"><subfield code="a">DLC</subfield><subfield code="b">eng</subfield><subfield code="e">rda</subfield><subfield code="c">DLC</subfield><subfield code="d">UKMGB</subfield><subfield code="d">YDXCP</subfield><subfield code="d">IAK</subfield><subfield code="d">OCLCF</subfield><subfield code="d">PIT</subfield><subfield code="d">MEU</subfield><subfield code="d">BTCTA</subfield><subfield code="d">BDX</subfield><subfield code="d">AEU</subfield></datafield><datafield ind1=" " ind2=" " tag="042"><subfield code="a">pcc</subfield></datafield><datafield ind1=" " ind2=" " tag="043"><subfield code="a">cl-----</subfield></datafield><datafield ind1="0" ind2="4" tag="050"><subfield code="a">JL960</subfield><subfield code="b">.V36 2015</subfield></datafield><datafield ind1="0" ind2="0" tag="082"><subfield code="a">320.98</subfield><subfield code="2">23</subfield></datafield><datafield ind1=" " ind2=" " tag="084"><subfield code="a">POL009000</subfield><subfield code="2">bisacsh</subfield></datafield><datafield ind1=" " ind2=" " tag="090"><subfield code="a">JL960 .V36 2015</subfield><subfield code="b">AEGMCT</subfield></datafield><datafield ind1=" " ind2=" " tag="090"><subfield code="a">JL 960 V36 2015</subfield><subfield code="b">AEU</subfield></datafield><datafield ind1="1" ind2=" " tag="100"><subfield code="a">Vanden, Harry E.,</subfield><subfield code="e">author.</subfield></datafield><datafield ind1="1" ind2="0" tag="245"><subfield code="a">Politics of Latin America :</subfield><subfield code="b">the power game /</subfield><subfield code="c">Harry E. Vanden (University of South Florida, Tampa), Gary Prevost (College of Saint Benedict/Saint John's University).</subfield></datafield><datafield ind1=" " ind2=" " tag="250"><subfield code="a">Fifth edition.</subfield></datafield><datafield ind1=" " ind2="1" tag="264"><subfield code="a">Oxford ;</subfield><subfield code="a">New York :</subfield><subfield code="b">Oxford University Press,</subfield><subfield code="c">[2015]</subfield></datafield><datafield ind1=" " ind2="4" tag="264"><subfield code="c">&#169;2015</subfield></datafield><datafield ind1=" " ind2=" " tag="300"><subfield code="a">xxvii, 636 pages :</subfield><subfield code="b">illustrations ;</subfield><subfield code="c">24 cm</subfield></datafield><datafield ind1=" " ind2=" " tag="336"><subfield code="a">text</subfield><subfield code="2">rdacontent</subfield></datafield><datafield ind1=" " ind2=" " tag="337"><subfield code="a">unmediated</subfield><subfield code="2">rdamedia</subfield></datafield><datafield ind1=" " ind2=" " tag="338"><subfield code="a">volume</subfield><subfield code="2">rdacarrier</subfield></datafield><datafield ind1=" " ind2=" " tag="504"><subfield code="a">Includes bibliographical references and index.</subfield></datafield><datafield ind1="0" ind2=" " tag="505"><subfield code="a">Preface -- Introduction: Notes on studying politics in Latin America -- An introduction to twenty-first century Latin America -- Early history -- Democracy and dictators : a historical overview from independence to the present day -- The other Americans -- Society, family, and gender -- Religion in Latin America -- The political economy of Latin America -- Democracy and authoritarianism : Latin American political culture -- Politics, power, institutions, and actors -- Struggling for change : revolution, social and political movements in Latin America -- U.S.-Latin American relations -- Mexico / Nora Hamilton -- Argentina / Aldo C. Vacs -- Brazil / Wilber Albert Chaffee -- Chile / Eduardo Silva -- Colombia / John C. Dugas -- Venezuela / Daniel Hellinger -- Bolivia / Waltraud Q. Morales -- Cuba / Gary Prevost -- Guatemala / Susanne Jonas -- Nicaragua / Gary Prevost and Harry E. Vanden -- Appendix 1: Presidential elections -- Appendix 2: Recent legislative elections.</subfield></datafield><datafield ind1=" " ind2=" " tag="520"><subfield code="a">"Politics of Latin America, Fifth Edition explores both the evolution and the current state of the political scene in Latin America. This text demonstrates a nuanced sensitivity to the use and abuse of power and the importance of social conditions, gender, race, globalization, and political economy throughout Latin America. The first part of the text is composed of thematic chapters that outline the region's geographic setting, history, economics, society, gender, race, and religion, setting the stage for a more detailed analysis of the politics, democratization, political culture, political movements, and revolution in Latin America. The second part of the book consists of carefully constructed case studies of ten representative Latin American nations: Guatemala, Mexico, Cuba, Brazil, Argentina, Chile, Venezuela, Colombia, Nicaragua, and Bolivia. Each case study traces the historical and political development of key actors and institutions, analyzing contemporary power configurations. "--</subfield><subfield code="c">Provided by publisher.</subfield></datafield><datafield ind1=" " ind2=" " tag="596"><subfield code="a">29 43</subfield></datafield><datafield ind1=" " ind2="0" tag="651"><subfield code="a">Latin America</subfield><subfield code="x">Politics and government.</subfield></datafield><datafield ind1="1" ind2=" " tag="700"><subfield code="a">Prevost, Gary,</subfield><subfield code="e">author.</subfield></datafield><datafield ind1=" " ind2=" " tag="949"><subfield code="a">JL960 .V36 2015</subfield><subfield code="h">GMCT-OS-B</subfield><subfield code="i">1007407776</subfield><subfield code="p">77.22</subfield><subfield code="k">AVAIL_SOON</subfield></datafield><datafield ind1=" " ind2=" " tag="926"><subfield code="a">JL960 .V36 2015</subfield><subfield code="w">LC</subfield><subfield code="c">1</subfield><subfield code="i">1007407776</subfield><subfield code="d">4/14/2015</subfield><subfield code="l">ON_SHELF</subfield><subfield code="m">GR_MACEWAN</subfield><subfield code="p">$77.22</subfield><subfield code="r">Y</subfield><subfield code="s">Y</subfield><subfield code="t">BOOK</subfield><subfield code="u">3/31/2015</subfield></datafield><datafield ind1=" " ind2=" " tag="926"><subfield code="a">JL 960 V36 2015</subfield><subfield code="w">LC</subfield><subfield code="c">1</subfield><subfield code="i">0162034832665</subfield><subfield code="d">7/22/2016</subfield><subfield code="l">ON_SHELF</subfield><subfield code="m">UAHSS</subfield><subfield code="p">$150.00</subfield><subfield code="r">Y</subfield><subfield code="s">Y</subfield><subfield code="t">BOOK</subfield><subfield code="u">8/20/2015</subfield><subfield code="z">COUTTS_ADD</subfield></datafield></record>